% Encoding: UTF-8

@article{DBLP:journals/bpmj/BandaraGTR21,
  author    = {Wasana Bandara and
               Guy G. Gable and
               Mary Tate and
               Michael Rosemann},
  title     = {A validated business process modelling success factors model},
  journal   = {Bus. Process. Manag. J.},
  volume    = {27},
  number    = {5},
  pages     = {1522--1544},
  year      = {2021}
}

@article{DBLP:journals/is/LeemansABP21,
  author    = {Sander J. J. Leemans and
               Wil M. P. van der Aalst and
               Tobias Brockhoff and
               Artem Polyvyanyy},
  title     = {Stochastic process mining: Earth movers' stochastic conformance},
  journal   = {Inf. Syst.},
  volume    = {102},
  pages     = {101724},
  year      = {2021}
}

@inproceedings{DBLP:conf/apn/BurkeLW21,
  author    = {Adam Burke and
               Sander J. J. Leemans and
               Moe Thandar Wynn},
  editor    = {Didier Buchs and
               Josep Carmona},
  title     = {Discovering Stochastic Process Models by Reduction and Abstraction},
  booktitle = {Application and Theory of Petri Nets and Concurrency - 42nd International
               Conference, {PETRI} {NETS} 2021, Virtual Event, June 23-25, 2021,
               Proceedings},
  series    = {Lecture Notes in Computer Science},
  volume    = {12734},
  pages     = {312--336},
  publisher = {Springer},
  year      = {2021}
}

@article{DBLP:journals/kais/LeemansF20,
  author    = {Sander J. J. Leemans and
               Dirk Fahland},
  title     = {Information-preserving abstractions of event data in process mining},
  journal   = {Knowl. Inf. Syst.},
  volume    = {62},
  number    = {3},
  pages     = {1143--1197},
  year      = {2020}
}